2676 3623
1156 691 1606 742 PROTOCOLLO
1644 690 1705 739 N.
1743 694 1888 740 5489.

1581 825 1758 881 ROMA,
1787 823 1826 872 li
1853 827 1880 872 6
1908 824 2126 887 Guigno
2156 826 2297 872 1892.

677 895 810 940 lllme
833 901 872 939 el
899 893 1016 940 Rme
1041 895 1242 940 Domine.

781 1025 1061 1073 Decretum
1104 1025 1479 1088 recognitionis
1521 1028 1595 1072 1ae
1640 1024 1839 1088 Synodi
1880 1024 2037 1072 istius
2079 1024 2368 1085 provincia*

680 1108 789 1140 una
830 1108 951 1139 cum
996 1091 1454 1140 emendationibus
1504 1091 1567 1139 ab
1615 1091 1714 1138 hac
1754 1092 1907 1139 Sacra
1948 1090 2369 1153 Congregatione

680 1158 996 1205 introductis
1023 1159 1078 1205 in
1105 1158 1327 1206 decretis
1353 1158 1588 1221 ejusdem
1618 1157 1819 1220 Synodi
1847 1157 1912 1205 ad
1938 1157 2369 1217 Amplitudinem

679 1225 847 1272 Tuam
874 1224 1192 1271 transmitto.

779 1291 852 1339 De
877 1291 1128 1338 mandato
1155 1296 1332 1339 autem
1369 1290 1605 1353 ejusdem
1633 1290 1680 1339 8.
1708 1289 1968 1352 Congrnis
1995 1305 2115 1353 qua}
2142 1305 2370 1352 sequun-

679 1362 770 1405 tur
802 1357 919 1405 Tibi
958 1356 1253 1420 significare
1289 1373 1371 1404 mc
1407 1357 1563 1405 officii
1599 1362 1691 1404 est.
1762 1357 2028 1419 Dignetur
2054 1355 2370 1417 Amplitudo

678 1423 791 1471 Tua
821 1423 1086 1471 remittere
1124 1428 1236 1471 acta
1272 1424 1507 1485 ejusdem
1543 1423 1743 1488 Synodi
1777 1429 1837 1471 ut
1873 1439 1979 1471 una
2004 1439 2123 1470 cum
2152 1423 2372 1470 decretis

678 1489 973 1537 emendatis
999 1490 1054 1537 in
1082 1489 1314 1538 archivio
1340 1490 1499 1553 hujus
1525 1490 1570 1538 8.
1599 1489 1862 1552 0011811118
1888 1495 2238 1537 asserventur.

782 1555 964 1604 Relate
990 1557 1055 1604 ad
1081 1556 1307 1604 dubium
1334 1556 1665 1618 propositum
1692 1557 1749 1603 in
1775 1555 1995 1617 epistola
2020 1555 2140 1603 diei.

782 1624 841 1670 25
880 1621 1081 1683 Aprilis
1121 1625 1263 1681 1890,
1302 1622 1415 1670 haec
1453 1624 1501 1672 8.
1544 1623 1896 1685 Congregatio
1934 1623 1989 1670 111
2031 1620 2271 1683 Epistola
2307 1622 2370 1669 ad

678 1687 1004 1749 Archiepum
1026 1688 1430 1748 Quebesensem,
1452 1690 1558 1738 diei
1581 1692 1609 1738 8
1627 1690 1659 1737 J
1666 1689 1765 1737 ulii
1784 1691 1925 1745 1852,
1938 1690 2052 1752 jam
2072 1694 2370 1749 reposuerat

678 1755 826 1803 haud
850 1756 1172 1803 conveniens
1192 1756 1370 1804 visum
1390 1762 1480 1813 est,
1504 1756 1648 1819 quod
1669 1755 1946 1817 Episcopis
1965 1753 2372 1817 Coadjutoribus

677 1826 865 1870 votum
892 1822 1192 1871 decisivum
1229 1821 1564 1880 tribueretur,
1595 1827 1798 1871 attento
1824 1822 2119 1883 prasertim
2146 1821 2291 1886 quod
2317 1822 2370 1869 in

679 1889 1064 1936 sententiarum
1102 1888 1452 1949 discrepantia
1489 1905 1596 1937 una
1631 1905 1751 1949 pars
1788 1889 2040 1937 adversus
2067 1887 2285 1936 alteram
2312 1888 2372 1935 ir-

678 1954 1065 2003 rationabiliter
1092 1955 1331 2017 juvatur.
1404 1955 1534 2003 Haec
1573 1956 1740 2019 igitur
1782 1955 2048 2003 sententia
2084 1956 2139 2002 in
2176 1955 2371 2002 futuris

677 2021 905 2085 Synodis
943 2038 1051 2081 prae
1091 2020 1260 2069 oculis
1294 2021 1564 2070 habeatur.
1637 2020 1791 2070 Hanc
1818 2022 1865 2070 8.
1895 2020 2370 2084 Congregationem

679 2085 994 2148 Amplitudo
1020 2087 1131 2135 Tua
1156 2088 1427 2135 certiorem
1463 2087 1647 2136 reddat
1684 2092 1869 2136 utrum
1895 2087 2042 2136 Fidei
2070 2087 2320 2148 professio
2346 2105 2374 2134 a

679 2152 910 2217 singulis
945 2153 1190 2202 Patribus
1226 2154 1437 2216 Synodo
1474 2154 1828 2215 praesentibus
1868 2154 2057 2202 emissa
2094 2154 2283 2209 fuerit;
2324 2160 2372 2201 et

679 2225 945 2283 quatenus
972 2220 1297 2277 affirmative,
1326 2219 1508 2269 relatio
1548 2220 1711 2284 hujus
1749 2220 2086 2282 professionis
2112 2220 2373 2268 inseratur

680 2286 737 2333 in
765 2286 895 2334 actis
923 2286 1124 2351 Synodi
1154 2287 1595 2336 transmittendis.

779 2352 1007 2414 Insuper
1042 2353 1160 2400 Emi
1198 2353 1375 2401 Patres
1412 2353 1571 2416 hujus
1603 2354 1650 2403 8.
1678 2352 1942 2417 Congrnis
1979 2357 2288 2401 stat-uerunt
2314 2357 2373 2400 ut

677 2418 899 2467 decretis
932 2419 1132 2483 Synodi
1160 2419 1225 2468 ad
1250 2420 1416 2468 instar
1451 2420 1760 2482 appendicis
1798 2420 2062 2468 addantur
2103 2419 2368 2483 adjuncta.¹

678 2485 1073 2533 instructiones.

776 2552 996 2600 Interim
1022 2552 1192 2601 fausta
1217 2568 1447 2617 quaeque
1473 2570 1531 2601 ac
1557 2552 1734 2602 felicia
1753 2553 1850 2601 tibi
1880 2570 1909 2601 a
1933 2552 2159 2601 Domino
2180 2569 2362 2614 precor

1009 2683 1446 2747 Amplititudinis
1470 2685 1613 2744 Tuae,

1143 2750 1555 2801 Addictissimus
1580 2753 1789 2810 Servus,

1277 2884 1348 2934 M.
1388 2885 1538 2934 Card.
1579 2885 2008 2934 LEDOCHOWSKI.

1508 2953 1534 3010 †
1574 2952 1856 3009 IGNATIUs‚
1885 2951 2130 3012 Archiep.
2156 2951 2308 2999 Praef.

1797 3018 2124 3067 Tamiathen.
2151 3018 2372 3068 Secrius.

677 3082 796 3132 Dno
837 3082 1185 3133 ALEXANmzo
1220 3084 1422 3143 ΤΑΟΗΕ,

949 3149 1197 3212 Archiep.
1224 3151 1273 3200 8.
1302 3151 1576 3200 Bonifacii.

2584 2919 2601 2940 214

2581 2939 2601 2973 {3

2584 2987 2590 2998 ς
2593 2985 2600 2995 θ

2586 3008 2601 3029 ’2'

2586 3122 2604 3165 Ti}

2581 3395 2584 3403 .

2583 2706 2600 2869 :m-...2<›'2-·⁴¹'s*‘
2587 2678 2591 2687 v
2585 2635 2594 2666 ω·
2582 2578 2584 2580 *
2590 2508 2591 2511 „
