2668 3623
648 703 1218 754 XV.—DEORETUM
1267 705 1356 753 DE
1404 703 1898 755 SOCIETATIBUS
1935 703 2273 754 SEORETls.

716 835 923 885 Nomen
949 837 1127 886 dantis
1158 838 1323 887 Secta}
1360 837 1674 886 Massonicze
1713 843 1803 885 aut
1841 836 2191 892 Carbonariae,
2219 844 2307 885 aut

619 903 736 951 aliis
763 903 1002 966 ejusdem
1028 905 1234 967 generis
1260 906 1413 952 sectis
1452 921 1572 969 quae
1599 908 1779 952 contra
1806 903 2098 952 Ecclesiam
2125 903 2211 952 vel
2239 903 2305 952 le-

618 970 832 1032 gitimas
857 974 1155 1031 potestates,
1188 988 1281 1019 seu
1306 970 1495 1032 palam,
1523 987 1614 1018 seu
1640 969 1964 1018 clandestine
2002 970 2307 1018 machinan-

620 1046 706 1084 tur
730 1053 738 1093 ;
768 1052 974 1084 necnon
1012 1038 1208 1085 eisdem
1234 1039 1388 1085 sectis
1424 1038 1656 1086 favorem
1682 1036 2128 1100 qualemcumque
2154 1053 2309 1097 praes-

622 1108 809 1157 tantes,
848 1119 1135 1167 carumque
1170 1103 1401 1152 occultos
1437 1103 1746 1167 coryphaeos
1790 1120 1847 1151 ac
1885 1103 2046 1151 duces
2081 1119 2189 1151 non
2227 1103 2308 1151 de-

620 1169 947 1227 nuntiantes
974 1169 1139 1218 donec
1166 1186 1272 1218 non
1298 1170 1748 1227 denuntiaverint,
1770 1169 2307 1217 excommunicationi.

622 1235 746 1283 latae
773 1236 1050 1283 sententiae
1077 1237 1192 1297 ipso
1217 1237 1352 1284 sacto
1378 1236 1710 1284 incurrendae
1737 1236 2027 1299 subjacent.

720 1302 958 1350 Dubium
985 1318 1091 1350 non
1119 1308 1195 1350 est
1228 1304 1361 1366 quin
1387 1303 1787 1360 Communistae,
1816 1302 2122 1358 Socialistae,
2151 1301 2310 1350 Anar-

623 1368 823 1424 «histro,
862 1375 913 1416 et
950 1370 1128 1417 coeteri
1167 1371 1261 1433 qui
1298 1374 1423 1417 sunt
1454 1385 1789 1433 quocumque
1816 1369 2032 1416 nomine
2058 1369 2309 1417 adversus

624 1433 912 1483 Ecclesiam
941 1441 1030 1482 aut
1056 1436 1309 1484 adversus
1335 1435 1638 1498 legitimum
1664 1435 1985 1498 gubernium
2006 1435 2310 1482 machinan-

623 1513 710 1549 tur
737 1502 1269 1550 excotnnmnicationi
1296 1503 1604 1564 subjaceant
1630 1502 1835 1549 etiamsi
1862 1518 1969 1549 non
1997 1502 2210 1563 exigant
2236 1502 2310 1564 ju-

629 1573 929 1616 ramentum
957 1568 1020 1616 de
1046 1573 1240 1616 secreto
1266 1569 1537 1617 servando.

727 1634 1007 1683 Societates
1033 1651 1155 1698 quac
1181 1635 1401 1683 asseclas
1427 1652 1550 1683 suos
1587 1635 1652 1682 ad
1686 1638 1945 1682 secretum
1973 1634 2313 1697 adstringunt

630 1701 704 1748 ita
741 1706 799 1748 ut
850 1717 917 1748 ne
955 1702 1264 1749 auctoritate
1301 1702 1517 1765 quidem
1554 1700 1802 1749 Ecclesiae
1840 1701 2060 1762 impunc
2096 1700 2316 1748 revelari

631 1767 809 1827 possit,
837 1772 887 1814 ct
916 1784 1037 1831 quac
1064 1768 1303 1830 obligant
1330 1769 1493 1816 socios
1520 1768 1584 1816 ad
1611 1784 1804 1815 circam
1830 1767 2184 1815 obedientiam
2213 1766 2316 1814 offi-

630 1832 858 1881 cialibus
886 1839 1012 1882 sunt
1036 1834 1320 1895 prohibitae
1346 1841 1395 1883 et
1421 1834 1521 1882 sub
1549 1839 1757 1895 peccato
1782 1834 1933 1897 gravi
1960 1834 2213 1881 vitandae.

733 1899 1047 1948 Sodalitates
1084 1902 1437 1962 operariorum
1475 1918 1595 1964 quw
1634 1901 1732 1948 etsi
1779 1917 1885 1948 non
1934 1900 2213 1956 damnatae,
2251 1904 2321 1947 ta-

634 1982 756 2014 men
793 1967 906 2014 sine
943 1967 1229 2016 directione
1266 1972 1536 2028 pastorum
1563 1967 1862 2015 animarum
1888 1971 2166 2029 vagantur,
2198 1970 2322 2013 sunt

635 2033 762 2080 satis
799 2032 1110 2094 periculosffl
1158 2039 1207 2081 et
1254 2033 1503 2081 catholici
1540 2034 1604 2081 ab
1642 2033 1949 2096 hujusmodi
1985 2032 2322 2080 societatibus

635 2099 979 2147 dissuadendi
1005 2105 1148 2157 sunt,
1175 2100 1549 2165 dirigendique
1578 2101 1634 2147 in
1661 2100 1931 2147 societates
1958 2098 2079 2147 illas
2105 2097 2321 2146 catholi-

636 2182 734 2222 cas»,
774 2166 830 2213 in
867 2166 1064 2230 quibus
1090 2166 1271 2215 fideles
1309 2167 1421 2215 sine
1457 2166 1694 2228 periculo
1729 2166 1956 2214 adscribi
1982 2170 2218 2226 possunt,
2246 2181 2325 2213 ex-

634 2230 796 2293 empli
822 2233 1004 2295 gratia,
1042 2233 1099 2280 in
1137 2234 1437 2282 societatem
1464 2234 1640 2282 Sancti
1668 2233 1918 2281 Vincenti
1956 2250 1984 2280 a
2021 2230 2202 2289 Paulo,
2231 2230 2321 2279 Ca-

638 2298 888 2347 tholicam
926 2299 1133 2347 Mutum
1170 2299 1542 2348 Beneficentioe
1576 2300 1886 2349 Societatem
1924 2297 2185 2362 (Catholic
2211 2296 2325 2345 Mu-

638 2364 750 2414 tual
777 2364 979 2414 Benefit
1005 2364 1367 2427 Association.)
