2740 3623
1472 461 1553 505 10]

682 586 855 636 culate
897 589 1192 651 Conceptw,
1220 589 1483 639 Caelorum
1526 591 1744 654 Reginae
1787 594 1836 638 et
1882 590 2068 638 mundi
2107 589 2360 646 Dominae,

684 653 1090 703 Gloriosissimae
1119 656 1359 705 Patrome
1387 656 1588 705 Nostra}
1611 674 1619 713 ;
1659 656 1826 704 honor
1852 660 1903 704 et
1928 655 2211 704 veneratio.

783 720 835 768 C.
874 721 953 769 Tu
979 721 1144 785 gloria
1169 722 1474 781 Jerusalem,
1504 728 1563 772 tu
1592 722 1779 771 laetitia
1817 722 1992 780 Israel,
2019 729 2079 770 tu
2115 721 2360 769 honorifi-

682 787 855 835 centia
879 788 1063 849 populi
1092 790 1254 837 nostri
1286 790 1293 837 !

783 854 829 901 S.
870 854 1177 903 Beatissimo
1202 855 1425 903 Domino
1452 856 1639 904 Nostro
1670 856 1826 903 Leoni
1856 855 2009 915 Papa*
2039 855 2182 909 XIII,
2205 855 2359 903 Sanc·

682 923 751 966 tae
779 923 829 967 et
856 920 1189 969 Universalis
1217 921 1462 970 Ecclesiae
1490 922 1751 979 Pontifici,
1779 922 2018 969 omnium
2055 920 2361 969 christiano·

683 1002 801 1033 rum
841 987 974 1046 patri
1012 993 1060 1034 et
1099 987 1370 1037 infallibili
1408 989 1619 1046 doctori,
1661 988 1956 1036 benedictio
1994 988 2088 1035 Dei
2128 987 2361 1048 omnipo-

683 1053 877 1109 tentis;
917 1053 1203 1101 Christiani
1242 1056 1471 1103 nominis
1509 1056 1562 1103 in
1601 1072 1780 1102 omnes
1825 1062 2077 1102 terrarum
2118 1055 2358 1116 gentium

683 1118 984 1167 obedientia
1009 1126 1057 1167 et
1084 1122 1138 1167 in
1169 1137 1335 1169 unum
1365 1122 1502 1170 ovile.
1529 1122 1795 1170 adunatio.

781 1186 834 1233 C.
874 1185 1178 1235 Benedictio
1204 1204 1359 1248 super
1384 1188 1552 1246 illum,
1579 1188 1833 1236 diuturna
1860 1188 2188 1248 prosperitas,
2216 1203 2358 1234 sanc-

681 1255 748 1299 tw
776 1252 868 1300 Dei
895 1252 1126 1301 ecclesiaev
1154 1254 1411 1302 exaltatio.
2300 1307 2305 1312 ⁴

779 1318 828 1367 S.
867 1318 1387 1368 Reverendissimum
1414 1321 1699 1369 Dominum
1735 1321 1894 1382 hujus
1934 1320 2224 1368 Provincia¹
2254 1319 2358 1367 Me-

681 1384 1073 1446 tropolitanum,
1102 1393 1151 1433 et
1178 1388 1230 1434 in
1259 1387 1356 1434 hoc
1383 1387 1616 1434 Concilio
1643 1388 2014 1448 prwsidentem
2040 1403 2150 1434 rore
2174 1386 2358 1449 gratim

679 1467 789 1499 suae
817 1452 1099 1513 perfundat.
1126 1453 1279 1511 Deus,
1307 1459 1356 1500 et
1384 1454 1444 1501 ad
1471 1453 1690 1516 gloriam
1720 1459 1970 1501 {eternam
1995 1458 2233 1502 reservet.

779 1517 833 1566 C.
871 1518 1005 1577 Rore
1030 1520 1212 1581 gratiae
1238 1520 1518 1580 perfundat
1547 1537 1665 1568 eum
1696 1520 1846 1576 Deus,
1876 1520 1939 1567 ad
1967 1519 2185 1582 gloriam
2212 1523 2356 1566 zeter-

679 1601 801 1632 nam
827 1590 1116 1634 conservet.

779 1651 825 1700 S.
865 1651 1348 1700 Reverendissimos
1376 1652 1673 1713 Epi-scopos,
1702 1670 1835 1716 quos
1869 1653 2097 1713 Spiritus
2133 1653 2356 1700 Sanctus

679 1718 734 1765 in
762 1718 858 1766 hac
883 1718 1095 1782 Synodo
1121 1721 1456 1781 congregavit
1485 1720 1549 1767 ad
1576 1718 1796 1782 gloriam
1835 1723 1884 1766 et.
1923 1718 2209 1766 utilitatem
2239 1719 2355 1766 Pro-

679 1785 870 1832 vinciae.
898 1784 1115 1841 Nostrae,
1145 1786 1207 1833 ad
1235 1785 1488 1833 Ecclesias
1516 1802 1635 1834 suas
1662 1785 1881 1833 feliciter
1920 1786 2132 1833 reducat
2160 1784 2356 1832 incolu-

678 1868 787 1899 mes
814 1856 863 1899 et
889 1851 955 1899 ad
982 1851 1181 1899 multos
1207 1868 1370 1899 annos
1396 1857 1681 1900 conservet.

778 1919 832 1966 C.
873 1917 1171 1965 Incolumes
1197 1919 1421 1970 reducat.
1450 1927 1498 1967 et
1538 1919 1602 1966 ad
1638 1917 1830 1966 multos
1868 1935 2032 1966 annos
2070 1922 2351 1967 conservet.

776 1985 824 2033 S.
867 1984 1129 2032 Omnibus
1167 1985 1220 2032 in
1260 1985 1356 2032 hoc
1399 1985 1634 2033 Concilio
1670 1985 2001 2048 congregatis
2035 2001 2134 2046 pax
2160 2002 2282 2033 vera
2307 1989 2356 2032 et

676 2052 883 2112 copiosa
907 2050 1217 2099 benedictio

777 2117 831 2165 C.
869 2117 1010 2165 Deus
1037 2118 1343 2166 misereatur
1369 2119 1532 2165 nostri
1558 2124 1605 2164 et
1632 2118 1910 2166 benedicat
1936 2118 2105 2166 nobis.

773 2185 819 2233 S.
864 2183 1228 2232 Illustrissimo
1268 2184 1534 2246 Episcopo,
1563 2184 1724 2240 Clero,
1756 2184 2105 2232 Missionariis
2131 2184 2355 2232 absenti·

673 2250 788 2308 bus,
819 2250 1097 2313 Religiosis
1123 2250 1244 2299 Com
1256 2251 1604 2299 munit-atibus
1638 2256 1688 2298 et
1715 2251 1978 2301 Universo
2004 2250 2202 2299 Christi
2228 2251 2353 2299 Gre-

674 2318 742 2380 gi,
772 2316 913 2365 salus
939 2322 989 2365 et
1016 2317 1312 2365 benedictio
1340 2335 1368 2365 a
1392 2317 1629 2365 Domino.

773 2383 826 2431 C.
864 2383 1129 2432 Contirma
1165 2383 1261 2432 hoc
1300 2384 1438 2432 Deus
1475 2384 1617 2448 quod
1655 2388 1899 2445 operatus
1942 2402 1994 2431 es
2032 2384 2088 2432 in
2115 2384 2268 2432 nobis
2295 2387 2351 2432 ut

672 2451 824 2499 corde
850 2467 958 2498 uno
984 2457 1030 2498 et
1058 2450 1233 2499 anima
1257 2467 1365 2498 una
1389 2449 1546 2498 libere
1573 2450 1669 2498 tibi
1695 2451 1868 2499 deseri
1886 2451 2010 2499 iant.

769 2518 818 2566 S.
856 2517 1119 2565 Omnibus
1147 2516 1396 2565 fidelibus
1420 2517 1699 2573 defunctis,
1728 2518 1822 2581 qui
1852 2533 1946 2565 nos
1972 2523 2352 2578 praecesserunt

670 2600 793 2632 cum
818 2584 972 2646 signo
996 2583 1133 2642 fidei,
1161 2588 1210 2631 et
1235 2584 1505 2632 dormiunt
1533 2584 1584 2631 in
1613 2600 1795 2631 somno
1822 2584 1964 2645 pacis
1991 2584 1998 2631 !

771 2650 826 2699 C.
865 2650 1121 2714 Requiem
1158 2654 1406 2698 aeternam
1444 2650 1582 2698 dona
1616 2651 1690 2698 eis
1727 2650 1949 2699 Domine
1974 2654 2023 2698 et
2051 2648 2144 2698 lux
2176 2667 2352 2712 perpe-

672 2721 765 2765 tua
789 2716 964 2765 luceat
990 2717 1063 2765 eis
1091 2718 1099 2765 !

770 2783 818 2832 S.
861 2782 1080 2831 Civitati
1106 2787 1156 2832 et
1184 2783 1474 2831 I'rovinciae
1496 2783 1673 2832 Sancti
1695 2784 1952 2832 Bonifacii
1974 2783 2350 2847 tranquillitas,

673 2849 814 2898 salus
839 2853 889 2898 et
914 2850 1221 2899 divinarum
1245 2850 1537 2913 gratiarum
1563 2849 1892 2899 abundantia
1918 2851 1926 2899 l

770 2917 823 2964 C.
862 2917 1044 2965 Gratia
1068 2916 1221 2965 nobis
1247 2921 1295 2964 et
1324 2915 1681 2980 tranquillitas
1707 2916 2114 2978 multiplicetur.

769 2983 816 3032 S.
854 2982 1125 3031 Gubernio
1151 2986 1328 3031 nostro
1355 2981 1513 3030 Civili
1551 2987 1600 3031 et
1636 2983 1886 3032 omnibus
1922 2984 2083 3047 hujUs
2109 2983 2351 3033 Domina-

671 3049 830 3098 tionis
856 3049 1181 3098 Concivibus
1203 3067 1212 3106 ;
1240 3048 1397 3106 salus
1424 3066 1538 3110 pax,
1568 3050 1896 3111 prosperitas.

769 3116 824 3164 C.
863 3116 1080 3173 Veritas,
1111 3116 1337 3179 justitia,
1376 3115 1601 3164 charitas
1637 3117 1876 3165 omnium
1915 3116 2113 3179 repleat
2149 3121 2352 3167 mentes

669 3182 980 3249 et„dirigant
1008 3183 1250 3231 actiones.

771 3249 817 3298 S.
857 3249 970 3297 Hoc
1019 3247 1256 3298 Concilio
1295 3248 1611 3298 Provinciali
1660 3250 1840 3300 Sancti
1884 3250 2140 3301 Bonifacii
2178 3250 2351 3300 Primo

674 3315 838 3374 finito,
866 3315 1048 3380 gratiae
1075 3319 1288 3381 agentes
1316 3315 1539 3365 Domino
1576 3316 1682 3365 Deo
1707 3317 1910 3376 Nostro,
1937 3318 2271 3367 discedamus
2297 3320 2351 3367 in
