2684 3623
1537 420 1595 465 38

727 548 821 596 Est
848 566 970 612 ergo
998 549 1260 610 imprimis
1287 549 1598 606 videndum,
1629 555 1883 597 utrumne
1921 550 1974 598 in
2013 549 2190 598 schola
2229 550 2293 597 de
2319 566 2421 614 qua

726 616 970 663 adeunda
1007 618 1281 679 qiueritur,
1320 617 1671 676 perversionis
1710 616 2010 677 perieulum
2055 617 2123 664 sit
2161 617 2421 679 ejusmodi

725 683 869 745 quod
896 683 1008 730 fieri
1037 690 1297 730 remotum
1326 682 1481 743 plane
1510 690 1765 747 nequeat:
1804 683 1954 731 velut
1983 684 2189 747 quoties
2217 684 2305 735 ibi,
2334 694 2425 731 aut

727 751 985 797 docentur
1011 750 1273 812 qiuedam,
1303 756 1395 797 aut
1421 756 1658 812 aguntur
1678 750 1954 797 catholicae
1974 751 2228 797 doetrinze
2251 751 2423 797 bonis-

730 832 792 863 re
821 816 1056 863 moribus
1082 817 1356 871 contraria,
1384 833 1612 879 qumque
1651 817 1782 864 citra
1818 817 2011 864 animze
2039 817 2422 864 detrimentum

730 899 903 945 neque
930 883 1102 930 audiri
1130 889 1368 943 possunt,
1398 883 1596 930 nedum
1623 883 1818 946 peragi.
1875 884 2033 930 ,Enim
2060 900 2183 931 vero
2210 883 2315 930 tale
2343 899 2424 943 pe-

727 948 973 1004 rieulum,
1003 955 1061 996 ut
1088 966 1180 1009 per
1214 967 1266 997 se
1304 955 1462 1009 patet,
1492 952 1708 997 omnino
1737 951 2020 997 vitandum
2048 957 2124 997 est
2152 967 2274 997 cum
2301 966 2425 1012 quo-

730 1032 962 1079 cumque
1000 1016 1197 1063 damno
1233 1016 1509 1076 temporali
1549 1017 1705 1063 etiam
1743 1017 1887 1064 vitae.
1961 1016 2125 1064 Debet
2165 1033 2314 1076 porro
2342 1017 2425 1077 J'u-

733 1086 942 1138 Ventus,
973 1087 1031 1128 ut
1058 1083 1320 1130 committi
1343 1082 1537 1130 scholis
1559 1082 1788 1143 publicis
1814 1084 1869 1130 in
1898 1084 2224 1130 conscientia
2246 1083 2425 1143 possit,

733 1149 1077 1196 necessariam
1118 1148 1462 1196 christianam
1500 1149 1897 1197 institutionem
1947 1154 1995 1196 et
2038 1149 2421 1203 educationem,

733 1214 920 1262 saltem
959 1222 1099 1262 extra
1137 1215 1333 1263 s‹·hol:1=
1373 1223 1597 1276 tempus,
1636 1217 1735 1264 rite
1772 1235 1828 1263 ae
1866 1215 2152 1278 diligenter
2178 1216 2425 1276 accipere.

732 1281 904 1339 Quare
933 1281 1145 1341 parochi
1175 1299 1229 1329 ae
1253 1282 1584 1336 missionarii,
1615 1300 1870 1330 memores
1898 1300 2077 1330 eorum
2107 1299 2226 1346 quw
2255 1283 2429 1342 prori-

734 1348 1045 1395 dentissime
1083 1348 1180 1395 hac
1218 1349 1280 1396 de
1318 1366 1369 1396 re
1406 1349 1706 1397 Cmicilium
1734 1349 2107 1396 Baltii'norense
2133 1343 2456 1403 constituit‚‘

735 1414 1100 1461 catechesibus
1139 1414 1423 1477 diligenter
1459 1416 1583 1462 dent
1626 1433 1852 1476 operam,
1892 1417 2063 1479 iisque
2099 1415 2428 1475 explicandis

736 1482 1007 1541 przecipue
1045 1482 1359 1529 incumbant
1396 1482 1712 1529 veritatibus
1762 1483 1884 1529 lidei
1936 1500 1991 1529 ac
2040 1499 2262 1537 morum,
2308 1498 2430 1544 quae

737 1548 906 1609 magis
945 1548 1009 1594 ab
1047 1548 1336 1596 incredulis
1375 1554 1423 1595 et
1461 1548 1789 1596 heterodoxis
1826 1550 2201 1609 impetuntur;
2243 1555 2432 1611 totque.

737 1613 990 1674 periculis
1028 1614 1316 1674 expositam
1345 1615 1690 1676 juventutem
1728 1616 1968 1676 impensa
2002 1632 2141 1672 cura,
2194 1632 2298 1678 qua
2337 1618 2430 1661 sre-

737 1682 1402 1743 quentisacramentorum
1439 1698 1556 1737 usu,
1594 1698 1699 1745 qua
1736 1683 1929 1742 pietate
1967 1682 2021 1728 in
2063 1681 2113 1728 13.
2153 1682 2429 1742 Virginem

738 1747 986 1795 studeant
1020 1748 1364 1804 communire,
1402 1756 1449 1795 et
1504 1748 1568 1795 ad
1621 1748 1930 1810 religionem
1983 1749 2201 1795 firmiter
2258 1758 2433 1795 tenen-

739 1813 861 1861 dam
888 1814 1045 1861 etiam
1073 1819 1232 1877 atque
1257 1814 1413 1862 etiam
1441 1815 1678 1862 excitare.
1745 1815 1853 1874 Ipsi
1882 1832 2002 1862 vero
2030 1820 2286 1874 parentes,
2315 1814 2431 1877 qui·

738 1897 803 1927 1-0
825 1897 1004 1927 eorum
1033 1880 1147 1928 loco
1173 1886 1312 1934 sunt,
1342 1879 1520 1928 liberis
1547 1882 1656 1929 suis
1684 1880 1913 1928 sollicite
1934 1881 2235 1943 invigilent,
2263 1899 2318 1928 ae
2348 1879 2433 1927 vel

740 1948 841 2006 ipsi
881 1964 972 2007 per
1014 1964 1065 1994 se
1109 1946 1209 1999 vel.
1248 1948 1289 1995 si
1332 1948 1509 1995 minus
1551 1948 1725 1995 idonei
1768 1948 1868 2007 ipsi
1913 1948 2033 2004 sint,
2062 1964 2154 2008 per
2193 1947 2340 2002 alios,
2370 1947 2433 1994 de

742 2013 1060 2061 lectionibus
1087 2014 1282 2061 auditis
1319 2031 1403 2061 eos
1439 2014 1779 2076 interrogent,
1811 2013 1971 2061 libros
1995 2014 2184 2061 iisdem
2211 2014 2432 2062 traditos

742 2085 1130 2143 recognoscant,
1169 2086 1219 2127 et
1245 2082 1285 2127 si
1313 2080 1444 2143 quid
1470 2081 1687 2128 noxium
1717 2080 1789 2127 ibi
1816 2080 2273 2141 deprehenderint,
2302 2081 2435 2128 anti·

741 2147 864 2194 dota
889 2146 1175 2207 praebeant,
1216 2164 1408 2209 eosque
1450 2165 1478 2194 a
1515 2147 1873 2194 familiaritate
1910 2153 1960 2194 et
1996 2148 2255 2194 consortio
2281 2147 2434 2195 disei-

743 2212 1011 2273 pulorum,
1053 2231 1081 2261 a
1111 2213 1310 2277 quibus
1337 2213 1457 2261 fidei
1485 2213 1567 2261 vel
1597 2230 1800 2261 morum
1828 2212 2127 2274 periculum
2154 2213 2436 2261 imminere

744 2280 923 2340 possit,
973 2296 1068 2327 seu
1111 2296 1338 2343 quorum
1378 2280 1610 2339 corrupti
1648 2296 1817 2327 mores
1855 2280 2067 2334 suerint,
2106 2280 2325 2327 omnino
2362 2296 2435 2327 ar-

744 2352 897 2394 ceant
923 2351 1082 2409 atque
1110 2346 1437 2407 prohibeant.
1510 2346 1661 2393 Hane
1698 2355 1874 2394 autem
1902 2347 2247 2394 necessariam
2274 2346 2434 2394 chris-

746 2413 944 2460 tianam
972 2413 1370 2460 institutionem
1407 2417 1456 2460 et
1495 2413 1861 2460 educationem
1890 2412 2067 2460 liberis
2104 2413 2216 2460 suis
2251 2413 2441 2473 imper·

744 2479 843 2528 tire
879 2485 1142 2543 quotquot
1180 2484 1423 2540 parentes
1459 2478 1782 2541 negligunt;
1822 2485 1915 2527 aut
1963 2480 2054 2543 qui
2104 2480 2438 2543 frequentare

746 2562 833 2594 eos
859 2546 1045 2594 sinunt
1075 2545 1203 2593 tales
1229 2545 1434 2594 scholas
1464 2546 1519 2593 111
1547 2546 1744 2609 quibus
1771 2547 2067 2594 animarum
2094 2545 2250 2593 ruina
2276 2545 2438 2594 evita-

744 2612 787 2660 ri
826 2629 932 2660 11011
972 2617 1157 2673 potest,
1199 2618 1289 2661 aut
1326 2612 1540 2660 tandem
1577 2613 1683 2676 qui,
1724 2611 1844 2660 lieet
1882 2612 2058 2660 schola
2093 2612 2353 2660 catholiea
2380 2613 2437 2660 in

746 2679 927 2727 eodem
955 2679 1067 2726 loeo
1093 2679 1281 2727 idonea
1305 2679 1457 2732 adsit,
1489 2684 1715 2743 apteque
1740 2679 2017 2728 instructa.
2045 2684 2095 2727 et
2122 2684 2317 2740 parata,
2345 2695 2441 2727 seu

745 2746 996 2809 quamvis
1031 2745 1338 2794 facultatem
1376 2745 1604 2793 habeant
1640 2746 1697 2793 111
1736 2745 1838 2793 alia
1874 2746 2085 2808 regione
2123 2745 2322 2806 prolem
2360 2763 2439 2793 ea-

747 2812 944 2860 tholice
981 2812 1256 2863 educandi,
1294 2811 1650 2860 nihilominus
1689 2812 2036 2860 committunt
2080 2829 2194 2859 eam
2245 2811 2439 2859 scholis

748 2878 998 2940 publieiS,
1029 2879 1141 2926 sine
1168 2879 1448 2926 sufficienti
1475 2895 1643 2936 eausa,
1683 2896 1740 2926 ae
1775 2879 1888 2926 81110
1915 2879 2218 2926 necessariis
2245 2879 2441 2926 cautio-

747 2945 923 2999 nibus,
963 2945 1164 3009 quibus
1203 2944 1498 3005 perieulum
1527 2945 1878 3005 perversionis
1916 2953 1966 2992 et
2003 2946 2241 3005 proximo
2278 2962 2439 2992 remo-

750 3021 868 3059 tum
895 3013 987 3059 fiat
1010 3028 1018 3059 :
1058 3029 1143 3059 eos
1180 3012 1223 3059 si
1259 3017 1594 3059 contumaces
1619 3012 1816 3059 suerint
1843 3011 2049 3061 absolvi
2076 3028 2181 3059 non
2209 3029 2357 3072 posse
2385 3013 2441 3060 111

749 3082 1075 3126 sacramento
1102 3078 1435 3139 poenitentiae
1472 3095 1533 3126 ex
1569 3079 1804 3127 doctrina
1840 3078 2027 3126 morali
2052 3078 2313 3126 catholiea
2338 3095 2439 3126 ma-

750 3146 1006 3198 nifestum
1034 3155 1124 3192 est.

850 3211 980 3259 Haec
1018 3212 1299 3259 instructio
1336 3210 1556 3272 probata
1590 3211 1694 3260 fuit
1732 3212 1860 3260 seria
1902 3212 1976 3260 IV
2026 3215 2088 3260 24
2126 3210 2443 3260 Novembris

753 3277 894 3329 1875,

2645 3613 2660 3623 t.
2607 2857 2659 3600 mmafffflzfflanasssdwbam
2630 2740 2647 2834 aaran„
2634 2598 2644 2630 .·„-
2635 2564 2641 2570 -2
2632 2503 2643 2543 »-.,σ
2636 2480 2639 2484 -
