2668 3623
1470 488 1529 532 14

884 750 1426 800 lx.---DECRI·]TUM
1475 750 1561 798 DE
1599 751 1631 799 S
1648 748 2101 799 ACRAMENTIS.

754 888 826 931 10.
866 888 892 906 “
923 884 1065 930 Inter
1091 883 1255 931 Novae
1293 883 1445 945 Legis
1472 884 1807 931 Sacramenta
1832 883 2063 944 primum
2090 884 2336 930 maxime·

651 956 676 972 ·‘
704 967 807 1014 que
835 950 1187 997 net-essarium
1226 954 1276 997 et
1313 949 1446 997 utile
1483 955 1557 997 est
1598 950 1916 1010 Baptismus,
1949 950 2003 997 in
2033 966 2136 1013 quo
2163 949 2337 997 sordes

652 1029 677 1039 ··
709 1025 1036 1077 peecatorum
1076 1023 1183 1063 tam
1220 1015 1509 1078 (')1·iginalis
1547 1032 1709 1080 quam
1747 1016 2039 1064 actualium
2067 1016 2338 1077 deponun-

654 1092 678 1106 “
710 1091 798 1131 tur
825 1091 872 1130 et
912 1100 1002 1143 per
1028 1100 1187 1145 ‹slnem
1215 1083 1361 1130 Fidei
1390 1083 1729 1144 signaculum
1757 1083 2043 1142 recipimus
2066 1099 2074 1139 ;
2105 1081 2336 1129 Militia·-

650 1156 675 1172 ‘·
704 1167 805 1214 que
843 1149 1160 1196 Christianae
1199 1149 1563 1205 adscribimur‚
1604 1166 1699 1196 nec
1737 1148 1833 1196 ulli
1873 1150 1964 1211 qui
2004 1166 2061 1196 eo
2098 1149 2336 1208 privatus

650 1229 674 1238 ··
706 1227 780 1263 est
831 1223 879 1263 et
929 1216 983 1262 111
1022 1233 1075 1262 re
1114 1219 1203 1262 aut
1252 1216 1305 1262 in
1357 1223 1495 1266 voto.
1541 1216 1605 1263 ad
1644 1231 1866 1277 regnum
1904 1215 2156 1263 cutlorum
2197 1224 2331 1274 patet

652 1295 677 1305 ··
708 1283 929 1330 aditus.”
969 1284 1123 1328 Cone.
1153 1282 1304 1329 Narb.
1333 1282 1517 1329 CXIV.
2314 1334 2317 1337 Α

752 1349 1314 1412 111111·(11111111111111111111
1355 1348 1659 1408 baptizandi
1697 1352 1821 1396 sunt
1860 1348 1967 1395 nati
2008 1347 2235 1395 infantes
2274 1364 2336 1394 ne

650 1417 817 1479 gratia
847 1415 1058 1477 longius
1086 1415 1363 1474 priventur
1390 1422 1439 1461 et
1467 1414 1766 1475 perieulum
1793 1414 1980 1462 salutis
2007 1416 2295 1462 incurrant.

752 1489 777 1504 ‘⁶
809 1482 883 1529 Ne
911 1482 1031 1544 quis
1062 1481 1124 1528 de
1161 1487 1352 1528 (stetero
1379 1482 1432 1528 in
1460 1480 1594 1528 aulis
1622 1480 1707 1528 vel
1733 1498 1950 1528 cameris
1976 1490 2067 1528 aut
2093 1481 2211 1528 aliis
2238 1482 2336 1540 pri-

649 1549 787 1597 vatis
814 1547 1075 1604 domibus,
1115 1547 1204 1594 sed
1230 1548 1507 1595 dumtaxat
1544 1548 1599 1595 in
1638 1546 1869 1595 ecclesiis
1894 1548 2082 1595 aiuleat
2110 1547 2336 1606 baptiza-

648 1617 753 1663 re.''
792 1614 1079 1674 Excipitur,
1108 1614 1150 1660 si
1177 1614 1302 1661 satis
1329 1613 1622 1669 necessitas,
1651 1630 1699 1662 v.
1726 1630 1772 1675 g.
1800 1614 2086 1661 difficultas
2107 1614 2331 1662 viarum.

648 1682 902 1730 distantia
938 1681 1000 1727 ab
1039 1679 1280 1736 Ecclesia,
1308 1681 1648 1740 intemperies
1674 1680 1808 1736 cmli,
1838 1680 2084 1729 debilitas
2109 1681 2337 1740 corporis

649 1749 930 1803 emerserit,
962 1752 1171 1807 propter
1196 1764 1355 1810 quam
1386 1754 1609 1810 nequeat
1648 1747 1823 1794 int'ans
1861 1747 1975 1795 sine
2012 1746 2248 1808 periculo
2274 1747 2335 1794 ad

651 1813 921 1863 ecclesiam
943 1813 1145 1861 deferri.

751 1881 803 1929 Si
840 1880 1054 1944 quando
1091 1879 1360 1927 iterandus
1398 1879 1612 1927 videtur
1651 1879 1946 1939 baptismus
1996 1880 2050 1927 id
2097 1895 2203 1927 non
2249 1880 2335 1927 liat

651 1948 849 2010 absque
878 1947 1079 2007 praevia
1114 1951 1164 1994 et
1201 1952 1407 1993 matura
1433 1946 1844 2008 investigatione
1880 1946 1943 1994 (le
1970 1963 2191 2006 persona
2217 1962 2336 2010 quw

652 2014 945 2074 baptizavit
972 2018 1022 2060 et
1048 2013 1112 2060 de
1138 2013 1292 2060 modo
1320 2028 1424 2075 quo
1453 2012 1757 2072 Baptismus
1784 2013 1944 2060 suerit
1970 2012 2195 2060 ‹.·ollatus
2276 2013 2337 2060 In

594 2077 596 2080 ’
637 2080 815 2128 ¹dubio
844 2096 978 2134 vero,
1006 2079 1274 2140 prudenti,
1302 2079 1522 2125 iteretur
1549 2079 1853 2138 Baptismus
1891 2079 1990 2126 sub
2017 2079 2333 2127 conditione.

751 2146 1182 2194 Aeatholicorum
1208 2145 1438 2192 infantes
1465 2145 1622 2192 etiam
1651 2145 1715 2192 ab
1752 2145 1881 2205 ipsis
1908 2145 2055 2193 allati
2082 2161 2188 2193 non
2216 2146 2334 2206 bap-

648 2213 894 2268 tizentur,
924 2212 1027 2259 nisi
1064 2229 1183 2271 spes
1208 2212 1432 2259 fundata
1459 2228 1577 2258 vere
1604 2210 1893 2272 probabilis
1918 2212 2168 2275 effulgeat
2196 2213 2339 2275 quod

648 2280 701 2327 in
742 2278 996 2326 catholica
1032 2277 1288 2340 religione
1325 2277 1585 2325 educandi
1623 2282 1796 2335 erunt,
1849 2285 1938 2326 aut
1979 2279 2337 2339 praevideatur

648 2346 792 2409 quod
818 2351 939 2392 ante
974 2350 1184 2392 {etatem
1210 2344 1541 2391 discretionis
1567 2349 1869 2392 assecutum
1895 2345 2201 2393 morientur.
2278 2345 2338 2393 Et

650 2413 707 2460 in
734 2412 1014 2472 baptizatis
1041 2411 1341 2472 specialiter
1366 2410 1654 2472 invigilent
1692 2411 1903 2470 parochi
1941 2417 2033 2459 aut
2069 2412 2339 2459 missiona·

649 2479 732 2527 ri:
773 2479 837 2526 de
880 2478 1080 2540 gremio
1117 2477 1258 2525 enim
1297 2476 1545 2524 Ecclesiae
1594 2482 1646 2524 et
1695 2477 1757 2524 de
1807 2493 1985 2525 eorum
2024 2495 2180 2542 grege
2217 2480 2339 2526 sacti

650 2552 792 2593 sunt.

750 2611 887 2671 Quia
922 2610 1193 2659 mandavit
1235 2610 1375 2658 Deus
1412 2610 1708 2671 unicuique
1755 2610 1820 2658 de
1859 2611 2093 2670 proximo
2131 2627 2242 2668 5110,
2282 2612 2336 2660 111

648 2679 959 2726 necessitate
997 2683 1087 2725 aut
1125 2677 1178 2724 in
1218 2675 1451 2737 periculo
1477 2677 1660 2724 mortis
1687 2675 1868 2724 fideles
1893 2694 2000 2725 non
2029 2677 2200 2726 solum
2228 2696 2338 2740 pos-

649 2752 776 2793 sunt
807 2744 897 2791 sed
934 2744 1092 2791 etiam
1120 2743 1313 2791 debent
1339 2742 1619 2803 baptizare.
1694 2742 1766 2790 De
1802 2744 1957 2792 modo
1984 2744 2080 2792 hoc
2106 2745 2337 2794 officium

649 2809 979 2871 adimplendi
1017 2810 1330 2857 erudiantur
1377 2816 1427 2856 et
1476 2810 1783 2864 formentur,
1837 2814 1887 2858 et
1935 2811 1989 2858 in
2040 2812 2339 2860 residentiis

652 2877 810 2938 longe
838 2877 902 2924 ab
940 2875 1158 2924 ecclesia
1195 2882 1243 2924 et
1281 2876 1546 2923 sacerdote
1573 2876 1902 2925 distantibus
1928 2876 2195 2939 eligantur
2220 2895 2338 2940 pru-

649 2945 835 2993 dentes
872 2948 922 2991 et
958 2943 1134 2990 idonei
1160 2942 1449 2998 christiani,
1489 2943 1584 3005 qui
1622 2942 1720 2989 hoc
1758 2959 1975 2991 munere
2012 2944 2066 2991 in
2104 2962 2228 2993 casu
2255 2961 2339 2993 ne-

648 3010 907 3060 cessitatis
938 3009 1243 3070 baptizandi
1279 3009 1551 3071 fugantur,
1590 3014 1641 3056 et
1679 3026 1708 3056 a
1742 3010 1937 3073 quibus
1975 3010 2040 3058 de
2076 3010 2338 3072 baptismo

648 3076 842 3125 collato
868 3076 1000 3124 ratio
1030 3076 1341 3139 requiratur.

748 3144 926 3203 Quum
962 3143 1018 3190 111
1055 3142 1335 3190 Provincia
1371 3141 1559 3190 Nostra
1595 3141 1754 3190 multi
1792 3143 1965 3191 adhuc
2008 3143 2063 3191 in
2110 3144 2338 3193 infideli-

645 3211 769 3259 tatis
796 3209 1024 3258 tenebris
1052 3209 1277 3264 sedeant,
1305 3224 1517 3256 omnem
1554 3225 1767 3269 operam
1805 3210 1932 3257 dent
1970 3211 2261 3259 sacerdotes
2288 3219 2336 3259 et

644 3276 965 3325 missionarii
1005 3280 1063 3323 ut
1100 3275 1499 3339 quamprimum
1527 3276 1591 3323 ad
1620 3276 1761 3324 viam
1788 3275 1923 3324 lucis
1950 3282 2000 3324 et
2028 3277 2092 3325 ad
2116 3279 2338 3341 gratiam

643 3343 896 3406 baptismi
923 3343 1257 3391 reducantur.

2530 1559 2543 1901 ,ᾖ-υυςκεύῄμνῄῶηψαψψ.
2530 1486 2542 1541 ,z-sv-
2534 1382 2543 1434 -›.··
2536 1350 2542 1366 e.
2535 1300 2542 1321 ι,
2536 1248 2542 1269 0.
2541 1200 2544 1216 ,,
2538 1162 2541 1179 2„
2539 1041 2543 1046 ,

2529 1996 2541 2080 3

2529 2072 2541 2162 3

2526 2163 2541 2214 23

2528 2207 2541 2276 ’ἐ

2529 2274 2540 2324 2⁴
