2660 3623
1439 499 1498 544 16

622 630 773 690 Quod
811 631 851 678 si
891 631 989 678 ista
1016 629 1352 678 matrimonia
1378 629 1542 677 mixta
1577 627 1732 676 vitari
1769 643 1877 676 non
1915 626 2116 688 possint
2143 641 2307 674 servo·

622 703 706 744 tur
732 698 786 744 in
814 697 997 758 primis
1024 696 1312 744 Instructio
1338 695 1439 743 diei
1470 699 1529 743 15
1557 695 1697 743 9bris
1723 711 1804 742 an,
1837 697 1978 748 1858,
2014 710 2071 740 ac
2098 708 2305 753 praeser-

622 763 717 812 tim
745 780 946 824 semper
984 781 1011 810 a
1048 768 1193 823 parto
1229 761 1516 810 acatholica
1543 763 1783 824 exigatur
1809 760 2085 821 promissio
2111 758 2307 818 scripta

621 830 684 878 de
709 830 858 878 obice
885 846 990 877 non
1017 829 1260 889 ponendo
1280 828 1552 876 catholicaev
1580 828 1714 888 parti
1741 827 1795 875 in
1823 826 2081 874 servanda
2104 824 2307 886 religio-

620 913 684 944 ne
710 895 970 944 catholica
996 897 1293 958 pariterque
1320 894 1382 942 dc
1406 893 1659 942 catholice
1684 893 1956 942 educanda
1981 898 2172 940 cuncta
2197 907 2307 950 pro-

622 962 667 1010 le
693 968 1031 1024 proventura,
1068 967 1119 1010 et
1154 961 1248 1009 hoc
1275 961 1366 1009 fiat
1393 966 1510 1022 post
1536 960 1802 1009 licentiam
1831 960 1895 1008 ab
1920 958 2196 1007 Ordinario
2222 957 2305 1005 ob-

624 1036 836 1077 tentam.

719 1096 786 1151 Si,
814 1095 957 1159 quod
990 1095 1133 1143 Deus
1171 1099 1385 1147 avertat,
1413 1093 1657 1155 neglecta
1693 1093 1792 1140 ista
1829 1091 2083 1153 prudenti
2110 1088 2303 1153 regula,

623 1179 736 1223 pars
772 1161 1030 1210 catholica
1065 1161 1296 1223 graviter
1334 1159 1582 1208 illicitum
1623 1158 2100 1222 scandalosumque
2129 1156 2304 1205 matri-

620 1228 860 1277 monium
920 1245 1091 1276 coram
1153 1226 1440 1276 acatholico
1490 1225 1778 1274 ministello
1826 1225 2129 1272 contrahere
2178 1240 2306 1271 ausa

622 1295 791 1352 fuerit,
819 1311 969 1343 casus
994 1295 1238 1355 episcopo
1258 1298 1554 1342 reservatus
1579 1293 1691 1349 crit,
1719 1292 1810 1355 qui
1840 1307 2051 1352 poenam
2073 1289 2306 1354 aliquam

612 1364 814 1424 justam
841 1361 1064 1423 infliget.

718 1428 770 1477 Si
809 1429 1058 1490 conjuges
1096 1426 1346 1475 catholici
1394 1444 1453 1474 ea
1489 1426 1689 1474 ratione
1726 1423 2094 1473 contrahentes
2130 1422 2305 1470 matri—

619 1495 858 1542 monium
896 1499 957 1542 ut
993 1494 1117 1542 inde
1153 1510 1311 1556 grave
1349 1492 1653 1541 scandalum
1682 1492 1954 1547 exoriatur,
1993 1506 2100 1538 non
2138 1487 2305 1537 absol-

620 1568 814 1609 ventur
850 1561 953 1609 nisi
991 1561 1125 1608 facta
1162 1559 1463 1621 gravissimi
1498 1559 1653 1608 istius
1680 1557 1913 1606 scandali
1940 1556 2140 1617 praevia
2164 1572 2304 1616 repa-

619 1629 843 1676 ratione:
873 1629 1247 1690 magistratum
1269 1632 1445 1674 autem
1472 1625 1688 1674 civilem
1711 1625 1852 1673 adire
1881 1628 2130 1685 poterunt
2150 1623 2305 1684 juxta

621 1694 987 1754 praescriptum
1016 1692 1166 1756 legis.

719 1760 1056 1808 Matrimonia
1080 1760 1245 1807 mixta.
1261 1760 1416 1822 juxta
1440 1759 1602 1806 ritum
1630 1757 1862 1807 Ritualis
1890 1755 2129 1812 Romani²
2162 1761 2222 1802 ut
2249 1755 2304 1802 in

619 1827 850 1875 editione
877 1826 1245 1874 Baltimorensi
1275 1826 1475 1881 datum,
1504 1824 1847 1872 celebrentur.

719 1893 1057 1942 Matrimonia
1082 1897 1342 1940 attentata
1367 1908 1488 1939 cum
1515 1890 1821 1939 infidelibus
1860 1906 1965 1937 non
2004 1888 2174 1936 solum
2205 1886 2305 1935 illi-

620 1960 735 2017 cita,
766 1960 855 2008 sed
892 1965 940 2007 ct
969 1964 1178 2020 propter
1202 1958 1645 2019 impedimentum
1673 1956 1999 2018 disparitatis
2025 1954 2203 2003 cultus
2230 1955 2305 2002 in·

619 2026 799 2075 valida
845 2032 971 2074 sunt
1000 2044 1008 2082 ;
1061 2031 1383 2089 quapropter
1432 2040 1709 2087 nunquam
1746 2023 2081 2071 celebrentur
2121 2021 2224 2069 nisi
2275 2037 2302 2068 a

619 2096 808 2142 Sancta
833 2093 961 2141 Sede
987 2092 1311 2152 dispensatio
1338 2092 1483 2152 prius
1510 2090 1724 2139 obtenta
1749 2090 1921 2137 fuerit.

719 2164 792 2207 50.
831 2158 903 2206 De
929 2158 1473 2207 Extrema-Unctione.
1547 2156 1590 2204 A
1628 2156 1986 2204 sacerdotibus
2022 2153 2179 2216 longe
2204 2153 2305 2201 dis-

619 2226 856 2274 tantibus
893 2242 958 2273 ne
989 2225 1150 2273 nimis
1177 2224 1449 2273 differatur
1475 2223 1688 2287 {egrotis
1715 2222 2104 2271 administratio
2130 2220 2305 2269 Extre-

619 2292 1041 2342 nite-Unctionis.

2523 249 2535 479 l

2527 637 2534 668 ’ὁ

2529 676 2533 689 l

2526 700 2533 719 ξ

2526 720 2533 739 ,Ι

2525 742 2532 780 ,ἑ

2529 791 2533 819 l

2527 824 2533 861 l

2521 871 2533 884 ,ί
